%YAML 1.1
%TAG !u! tag:unity3d.com,2011:
--- !u!1101 &-8507408756379987658
AnimatorStateTransition:
  m_ObjectHideFlags: 1
  m_CorrespondingSourceObject: {fileID: 0}
  m_PrefabInstance: {fileID: 0}
  m_PrefabAsset: {fileID: 0}
  m_Name: 
  m_Conditions:
  - m_ConditionMode: 1
    m_ConditionEvent: Dance
    m_EventTreshold: 0
  m_DstStateMachine: {fileID: 0}
  m_DstState: {fileID: 7907363298390978165}
  m_Solo: 0
  m_Mute: 0
  m_IsExit: 0
  serializedVersion: 3
  m_TransitionDuration: 0
  m_TransitionOffset: 0
  m_ExitTime: 0
  m_HasExitTime: 0
  m_HasFixedDuration: 0
  m_InterruptionSource: 0
  m_OrderedInterruption: 1
  m_CanTransitionToSelf: 1
--- !u!1102 &-8356664224268468953
AnimatorState:
  serializedVersion: 6
  m_ObjectHideFlags: 1
  m_CorrespondingSourceObject: {fileID: 0}
  m_PrefabInstance: {fileID: 0}
  m_PrefabAsset: {fileID: 0}
  m_Name: MoveForward
  m_Speed: 1
  m_CycleOffset: 0
  m_Transitions:
  - {fileID: -6436957091469530382}
  - {fileID: -8507408756379987658}
  m_StateMachineBehaviours: []
  m_Position: {x: 50, y: 50, z: 0}
  m_IKOnFeet: 0
  m_WriteDefaultValues: 1
  m_Mirror: 0
  m_SpeedParameterActive: 0
  m_MirrorParameterActive: 0
  m_CycleOffsetParameterActive: 0
  m_TimeParameterActive: 0
  m_Motion: {fileID: 3668697577716968678, guid: 3a2c741920c84b34d91c2d0548c9827e, type: 3}
  m_Tag: 
  m_SpeedParameter: 
  m_MirrorParameter: 
  m_CycleOffsetParameter: 
  m_TimeParameter: 
--- !u!1101 &-6436957091469530382
AnimatorStateTransition:
  m_ObjectHideFlags: 1
  m_CorrespondingSourceObject: {fileID: 0}
  m_PrefabInstance: {fileID: 0}
  m_PrefabAsset: {fileID: 0}
  m_Name: 
  m_Conditions:
  - m_ConditionMode: 2
    m_ConditionEvent: MoveForward
    m_EventTreshold: 0
  m_DstStateMachine: {fileID: 0}
  m_DstState: {fileID: -1642472823924874791}
  m_Solo: 0
  m_Mute: 0
  m_IsExit: 0
  serializedVersion: 3
  m_TransitionDuration: 0
  m_TransitionOffset: 0
  m_ExitTime: 0
  m_HasExitTime: 0
  m_HasFixedDuration: 0
  m_InterruptionSource: 0
  m_OrderedInterruption: 1
  m_CanTransitionToSelf: 1
--- !u!1101 &-3379496134794127152
AnimatorStateTransition:
  m_ObjectHideFlags: 1
  m_CorrespondingSourceObject: {fileID: 0}
  m_PrefabInstance: {fileID: 0}
  m_PrefabAsset: {fileID: 0}
  m_Name: 
  m_Conditions:
  - m_ConditionMode: 1
    m_ConditionEvent: MoveForward
    m_EventTreshold: 0
  m_DstStateMachine: {fileID: 0}
  m_DstState: {fileID: -8356664224268468953}
  m_Solo: 0
  m_Mute: 0
  m_IsExit: 0
  serializedVersion: 3
  m_TransitionDuration: 0
  m_TransitionOffset: 0
  m_ExitTime: 0
  m_HasExitTime: 0
  m_HasFixedDuration: 0
  m_InterruptionSource: 0
  m_OrderedInterruption: 1
  m_CanTransitionToSelf: 1
--- !u!206 &-3219937037480252919
BlendTree:
  m_ObjectHideFlags: 1
  m_CorrespondingSourceObject: {fileID: 0}
  m_PrefabInstance: {fileID: 0}
  m_PrefabAsset: {fileID: 0}
  m_Name: BlendTree
  m_Childs:
  - serializedVersion: 2
    m_Motion: {fileID: 5996863976286086015, guid: dd6fb86afab0f02438be89aa07bcc1a1, type: 2}
    m_Threshold: 0
    m_Position: {x: 0, y: 0}
    m_TimeScale: 1
    m_CycleOffset: 0
    m_DirectBlendParameter: Move
    m_Mirror: 0
  - serializedVersion: 2
    m_Motion: {fileID: -7231659869779708434, guid: 93eff87e5b46ebe4eb30533ffcc6b111, type: 3}
    m_Threshold: 1
    m_Position: {x: 0, y: 0}
    m_TimeScale: 1
    m_CycleOffset: 0
    m_DirectBlendParameter: Move
    m_Mirror: 0
  m_BlendParameter: Move
  m_BlendParameterY: Move
  m_MinThreshold: 0
  m_MaxThreshold: 1
  m_UseAutomaticThresholds: 1
  m_NormalizedBlendValues: 0
  m_BlendType: 0
--- !u!1102 &-1642472823924874791
AnimatorState:
  serializedVersion: 6
  m_ObjectHideFlags: 1
  m_CorrespondingSourceObject: {fileID: 0}
  m_PrefabInstance: {fileID: 0}
  m_PrefabAsset: {fileID: 0}
  m_Name: Idle
  m_Speed: 1
  m_CycleOffset: 0
  m_Transitions:
  - {fileID: -3379496134794127152}
  m_StateMachineBehaviours: []
  m_Position: {x: 50, y: 50, z: 0}
  m_IKOnFeet: 0
  m_WriteDefaultValues: 1
  m_Mirror: 0
  m_SpeedParameterActive: 0
  m_MirrorParameterActive: 0
  m_CycleOffsetParameterActive: 0
  m_TimeParameterActive: 0
  m_Motion: {fileID: -3804986387435440108, guid: 3a2c741920c84b34d91c2d0548c9827e, type: 3}
  m_Tag: 
  m_SpeedParameter: 
  m_MirrorParameter: 
  m_CycleOffsetParameter: 
  m_TimeParameter: 
--- !u!206 &-933949143334281479
BlendTree:
  m_ObjectHideFlags: 1
  m_CorrespondingSourceObject: {fileID: 0}
  m_PrefabInstance: {fileID: 0}
  m_PrefabAsset: {fileID: 0}
  m_Name: BlendTree
  m_Childs:
  - serializedVersion: 2
    m_Motion: {fileID: 7956142936599899330, guid: 93eff87e5b46ebe4eb30533ffcc6b111, type: 3}
    m_Threshold: 0
    m_Position: {x: -1.03, y: -0.02}
    m_TimeScale: 0.5
    m_CycleOffset: 0
    m_DirectBlendParameter: Move
    m_Mirror: 0
  - serializedVersion: 2
    m_Motion: {fileID: 3275179227965403059, guid: 93eff87e5b46ebe4eb30533ffcc6b111, type: 3}
    m_Threshold: 0.5
    m_Position: {x: -0, y: 1.04}
    m_TimeScale: 1
    m_CycleOffset: 0
    m_DirectBlendParameter: Move
    m_Mirror: 0
  m_BlendParameter: Move
  m_BlendParameterY: Move
  m_MinThreshold: 0
  m_MaxThreshold: 0.5
  m_UseAutomaticThresholds: 0
  m_NormalizedBlendValues: 0
  m_BlendType: 0
--- !u!91 &9100000
AnimatorController:
  m_ObjectHideFlags: 0
  m_CorrespondingSourceObject: {fileID: 0}
  m_PrefabInstance: {fileID: 0}
  m_PrefabAsset: {fileID: 0}
  m_Name: DefaultController
  serializedVersion: 5
  m_AnimatorParameters:
  - m_Name: MoveForward
    m_Type: 4
    m_DefaultFloat: 0
    m_DefaultInt: 0
    m_DefaultBool: 0
    m_Controller: {fileID: 9100000}
  - m_Name: Dance
    m_Type: 4
    m_DefaultFloat: 0
    m_DefaultInt: 0
    m_DefaultBool: 0
    m_Controller: {fileID: 9100000}
  m_AnimatorLayers:
  - serializedVersion: 5
    m_Name: Upper
    m_StateMachine: {fileID: 688015911841842893}
    m_Mask: {fileID: 0}
    m_Motions: []
    m_Behaviours: []
    m_BlendingMode: 0
    m_SyncedLayerIndex: -1
    m_DefaultWeight: 0
    m_IKPass: 0
    m_SyncedLayerAffectsTiming: 0
    m_Controller: {fileID: 9100000}
--- !u!1107 &688015911841842893
AnimatorStateMachine:
  serializedVersion: 6
  m_ObjectHideFlags: 1
  m_CorrespondingSourceObject: {fileID: 0}
  m_PrefabInstance: {fileID: 0}
  m_PrefabAsset: {fileID: 0}
  m_Name: Upper
  m_ChildStates:
  - serializedVersion: 1
    m_State: {fileID: -1642472823924874791}
    m_Position: {x: 30, y: 190, z: 0}
  - serializedVersion: 1
    m_State: {fileID: -8356664224268468953}
    m_Position: {x: 30, y: 290, z: 0}
  - serializedVersion: 1
    m_State: {fileID: 7907363298390978165}
    m_Position: {x: 260, y: 190, z: 0}
  m_ChildStateMachines: []
  m_AnyStateTransitions: []
  m_EntryTransitions: []
  m_StateMachineTransitions: {}
  m_StateMachineBehaviours: []
  m_AnyStatePosition: {x: 50, y: 20, z: 0}
  m_EntryPosition: {x: 50, y: 120, z: 0}
  m_ExitPosition: {x: 800, y: 120, z: 0}
  m_ParentStateMachinePosition: {x: 800, y: 20, z: 0}
  m_DefaultState: {fileID: -1642472823924874791}
--- !u!206 &6991193872633938553
BlendTree:
  m_ObjectHideFlags: 1
  m_CorrespondingSourceObject: {fileID: 0}
  m_PrefabInstance: {fileID: 0}
  m_PrefabAsset: {fileID: 0}
  m_Name: BlendTree
  m_Childs:
  - serializedVersion: 2
    m_Motion: {fileID: 3275179227965403059, guid: 93eff87e5b46ebe4eb30533ffcc6b111, type: 3}
    m_Threshold: 0
    m_Position: {x: 0, y: 0}
    m_TimeScale: 1
    m_CycleOffset: 0
    m_DirectBlendParameter: Move
    m_Mirror: 0
  - serializedVersion: 2
    m_Motion: {fileID: 7400000, guid: 44bc57bf2bff203488081f67bf8c4b9f, type: 2}
    m_Threshold: 1
    m_Position: {x: 0, y: 0}
    m_TimeScale: 1
    m_CycleOffset: 0
    m_DirectBlendParameter: Move
    m_Mirror: 0
  m_BlendParameter: Percent
  m_BlendParameterY: Blend
  m_MinThreshold: 0
  m_MaxThreshold: 1
  m_UseAutomaticThresholds: 0
  m_NormalizedBlendValues: 0
  m_BlendType: 0
--- !u!1101 &7802233905018320619
AnimatorStateTransition:
  m_ObjectHideFlags: 1
  m_CorrespondingSourceObject: {fileID: 0}
  m_PrefabInstance: {fileID: 0}
  m_PrefabAsset: {fileID: 0}
  m_Name: 
  m_Conditions:
  - m_ConditionMode: 2
    m_ConditionEvent: Dance
    m_EventTreshold: 0
  m_DstStateMachine: {fileID: 0}
  m_DstState: {fileID: -1642472823924874791}
  m_Solo: 0
  m_Mute: 0
  m_IsExit: 0
  serializedVersion: 3
  m_TransitionDuration: 0
  m_TransitionOffset: 0
  m_ExitTime: 0
  m_HasExitTime: 0
  m_HasFixedDuration: 0
  m_InterruptionSource: 0
  m_OrderedInterruption: 1
  m_CanTransitionToSelf: 1
--- !u!1102 &7907363298390978165
AnimatorState:
  serializedVersion: 6
  m_ObjectHideFlags: 1
  m_CorrespondingSourceObject: {fileID: 0}
  m_PrefabInstance: {fileID: 0}
  m_PrefabAsset: {fileID: 0}
  m_Name: Dance
  m_Speed: 1
  m_CycleOffset: 0
  m_Transitions:
  - {fileID: 7802233905018320619}
  m_StateMachineBehaviours: []
  m_Position: {x: 50, y: 50, z: 0}
  m_IKOnFeet: 0
  m_WriteDefaultValues: 1
  m_Mirror: 0
  m_SpeedParameterActive: 0
  m_MirrorParameterActive: 0
  m_CycleOffsetParameterActive: 0
  m_TimeParameterActive: 0
  m_Motion: {fileID: -203655887218126122, guid: 85edec4f68a5e3d49a82176f1e7149ee, type: 3}
  m_Tag: 
  m_SpeedParameter: 
  m_MirrorParameter: 
  m_CycleOffsetParameter: 
  m_TimeParameter: 
